@article{volpano,
  title={A sound type system for secure flow analysis},
  author={Volpano, Dennis and Irvine, Cynthia and Smith, Geoffrey},
  journal={Journal of computer security},
  volume={4},
  number={2-3},
  pages={167--187},
  year={1996},
  publisher={IOS Press}
}

@inproceedings{ques,
  title={Noninterference and the composability of security properties},
  author={McCullough, Daryl},
  booktitle={Security and Privacy, 1988. Proceedings., 1988 IEEE Symposium on},
  pages={177--186},
  year={1988},
  organization={IEEE}
}
@techreport{noni,
title={Security Policies and Security Models}
author={J A Goguen, J Meseguer}
institution={SRI international}
}
@techreport{biba,
  title={Integrity considerations for secure computer systems},
  author={Biba, Kenneth J},
  year={1977},
  institution={DTIC Document}
}
@techreport{lapadula,
  title={Secure computer systems: Mathematical foundations},
  author={Bell, D Elliott and LaPadula, Leonard J},
  year={1973},
  institution={DTIC Document}
}
@inproceedings{lang,
  title={A language-based approach to security},
  author={Schneider, Fred B and Morrisett, Greg and Harper, Robert},
  booktitle={Informatics},
  pages={86--101},
  year={2001},
  organization={Springer}
}

@inproceedings{taint,
  title={A taint mode for python via a library},
  author={Conti, Juan Jos{\'e} and Russo, Alejandro},
  booktitle={Nordic Conference on Secure IT Systems},
  pages={210--222},
  year={2010},
  organization={Springer}
}
@article{lattice,
  title={A lattice model of secure information flow},
  author={Denning, Dorothy E},
  journal={Communications of the ACM},
  volume={19},
  number={5},
  pages={236--243},
  year={1976},
  publisher={ACM}
}

@inproceedings{hybrid,
  title={Hybrid Information Flow Analysis for Python Bytecode},
  author={Chen, Zhifei and Chen, Lin and Xu, Baowen},
  booktitle={Web Information System and Application Conference (WISA), 2014 11th},
  pages={95--100},
  year={2014},
  organization={IEEE}
}

@book{denning,
    author    = "Dorothy Elizabeth Robling Denning",
    title     = "Cryptography And Data Security",
    year      = "1982",
    publisher = "Addison-Wesley",
    address   = "Reading, Massachusetts, California, London, Amsterdam, Don Mills, Ontario, Sydney"
}

@inproceedings{rwfm,
  title={Realizing purpose-based privacy policies succinctly via information-flow labels},
  author={Kumar, NV Narendra and Shyamasundar, RK},
  booktitle={Big Data and Cloud Computing (BdCloud), 2014 IEEE Fourth International Conference on},
  pages={753--760},
  year={2014},
  organization={IEEE}
}

@misc{attach,
title = {{Attach}},
howpublished = "\url{http://www.netmanias.com/en/post/techdocs/6102/attach-emm-lte/emm-procedure-1-initial-attach-part-2-call-flow-of-initial-attach}",
note = "[Online; accessed 05-June-2015]"
}

@misc{detach,
title = {{Detach}},
howpublished = "\url{http://www.netmanias.com/en/post/techdocs/6108/detach-emm-lte/emm-procedure-2-detach}",
note = "[Online; accessed 05-June-2015]"
}

@misc{lte,
title = {{LTE Architecture}},
howpublished = "\url{http://www.netmanias.com/en/post/techdocs/5904/architecture-lte/lte-network-architecture-basic}",
note = "[Online; accessed 05-June-2015]"
}

@inproceedings{basta1,
	author = {Basta, Arsany and Kellerer, Wolfgang and Hoffmann, Marco and Morper, Hans Jochen and Hoffmann, Klaus},
	title = {Applying NFV and SDN to LTE Mobile Core Gateways, the Functions Placement Problem},
	booktitle = {Proceedings of the 4th Workshop on All Things Cellular: Operations, Applications, \&\#38; Challenges},
	series = {AllThingsCellular '14},
	year = {2014},
	isbn = {978-1-4503-2990-3},
	location = {Chicago, Illinois, USA},
	pages = {33--38},
	numpages = {6},
	url = {http://doi.acm.org/10.1145/2627585.2627592},
	doi = {10.1145/2627585.2627592},
	acmid = {2627592},
	publisher = {ACM},
	address = {New York, NY, USA},
	keywords = {LTE mobile core gateways, NFV, SDN, datacenters},
}

@INPROCEEDINGS{basta2, 
	author={Basta, A. and Kellerer, W. and Hoffmann, M. and Hoffmann, K. and Schmidt, E.-D.}, 
	booktitle={Future Networks and Services (SDN4FNS), 2013 IEEE SDN for}, 
	title={A Virtual SDN-Enabled LTE EPC Architecture: A Case Study for S-/P-Gateways Functions}, 
	year={2013}, 
	pages={1-7}, 
	keywords={Long Term Evolution;internetworking;protocols;quality of service;virtualisation;HSS gateway;Long Term Evolution;MME gateway;NFV;OpenFlow Switch;OpenFlow protocol;QoS;S-P-gateways functions;SDN-enabled switches;charging operation;control-plane function;data centers;data traffic;data-plane processing;deployment flexibility;evolved packet core;mobile core network nodes;monolithic architecture;network elements;network functions virtualization;operational cost;quality of service;software defined networking;tunneling operation;virtual SDN-enabled LTE EPC architecture;virtualized EPC architecture;Computer architecture;Control systems;Hardware;IP networks;Middleboxes;Resource management;Software}, 
	doi={10.1109/SDN4FNS.2013.6702532}, 
	month={Nov},}

@INPROCEEDINGS{on_demand, 
	author={Ben Hadj Said, S. and Sama, M.R. and Guillouard, K. and Suciu, L. and Simon, G. and Lagrange, X. and Bonnin, J.-M.}, 
	booktitle={Cloud Networking (CloudNet), 2013 IEEE 2nd International Conference on}, 
	title={New control plane in 3GPP LTE/EPC architecture for on-demand connectivity service}, 
	year={2013}, 
	pages={205-209}, 
	keywords={Long Term Evolution;cellular radio;packet radio networks;resource allocation;telecommunication equipment;3GPP LTE/EPC architecture;LTE/EPC architectures;OpenFlow-based control plane;SDN;cellular data network;control elasticity;load balancing;network equipment failure;network visibility;on-demand connectivity service;software defined networking;Computer architecture;Conferences;IP networks;Load management;Long Term Evolution;Mobile communication;Protocols;3GPP;EPC architecture;LTE;OpenFlow;SDN}, 
	doi={10.1109/CloudNet.2013.6710579}, 
	month={Nov},}

@article{proposal,
	year={2015},
	journal={EURASIP Journal on Wireless Communications and Networking},
	eid={172},
	volume={2015},
	number={1},
	doi={10.1186/s13638-015-0395-1},
	title={Proposal and evaluation of SDN based mobile packet core networks},
	url={http://dx.doi.org/10.1186/s13638-015-0395-1},
	publisher={Springer International Publishing},
	keywords={Mobile packet core; Software‐defined mobile network; Openflow; Signaling load},
	author={Nguyen, Van Giang and Kim, Younghan},
	language={English}
}

@ARTICLE{connectem_ieee,
author={{Brent Hirschman, Pranav Mehta, Kannan Babu Ramia, Ashok Sunder Rajan, Edwin Dylag, Ajaypal Singh, and Martin McDonald}}, 
title={High-performance evolved packet core signaling and bearer processing on general-purpose processors}, 
journal={IEEE Network}, 
year={2015}, 
volume={29}, 
number={3}, 
}

@misc{s1_release,
	title = {{S1 Release}},
	howpublished = "\url{http://www.netmanias.com/en/post/techdocs/6110/emm-lte/emm-procedure-3-s1-release}",
	note = "[Online; accessed 05-March-2016]"
}

@misc{service_request,
	title = {{Service Request}},
	howpublished = "\url{http://www.netmanias.com/en/post/techdocs/6134/emm-lte/emm-procedure-4-service-request}",
	note = "[Online; accessed 05-March-2016]"
}

@misc{dpdk,
title = {{Intel® Data Plane Development Kit for Linux*: Guide}},
howpublished =
"\url{
http://www.intel.com/content/www/us/en/intelligent-systems/intel-technology/intel-dpdk-getting-started-guide.html}",
year = {2014},
}

@misc{affirmed,
author = {},
title = {{Virtual Mobile Network}},
howpublished =
"\url{
http://www.affirmednetworks.com/products-solutions/vepc/}",
year = {2016},
note = "[Online; accessed 07-April-2015]"
}

@misc{connectem,
author = {},
title = {{Connectem}},
howpublished =
"\url{
https://www.proceranetworks.com/collateral/casestudy-connectem}",
year = {2015},
note = "[Online; accessed 15-December-2015]"
}

@misc{openepc,
author = {},
title={{OpenEPC}},
howpublished = 
"\url{
http://www.openepc.com}",
year = {2008},
note = "[Online; accessed 10-September-2015]"
}

@misc{open_sdn_core,
	author = {},
	title={{OpenSDNCore}},
	howpublished = 
	"\url{http://www.opensdncore.org}",
	year = {2014},
	note = "[Online; accessed 14-May-2016]"
}

@misc{adax_epc,
	author = {},
	title={{AdaxEPC}},
	howpublished = 
	"\url{http://www.adax.com/products/adax_epc.html}",
	year = {2014},
	note = "[Online; accessed 13-May-2016]"
}

@misc{cisco_vni_16,
author = "Cisco",
title = "Cisco Visual Networking Index: Global Mobile Data Traffic Forecast Update, 2015-2020",
url = 
"http://www.cisco.com/c/en/us/solutions/collateral/service-provider/visual-networking-index-vni/mobile-white-paper-c11-520862.html",
year = "2016", 
note = "[Online; accessed 01-May-2016]"
}

@misc{iperf3,
title = {{Iperf3}},
howpublished = "\url{https://iperf.fr/}",
year = {2014},
}

@misc{floodlight,
title = {{Floodlight}},
howpublished = "\url{http://www.projectfloodlight.org/floodlight/}",
year = {2015},
}

@misc{opendaylight,
	title = {{OpenDaylight}},
	howpublished = "\url{https://www.opendaylight.org/}",
	year = {2013},
}

@misc{openvswitch,
	title = {{Open vSwitch}},
	howpublished = "\url{http://openvswitch.org/}",
	year = {2014},
}

@INPROCEEDINGS{rexford, 
author={L. E. Li and Z. M. Mao and J. Rexford}, 
title={Toward Software-Defined Cellular Networks}, 
booktitle={2012 European Workshop on Software Defined Networking}, 
year={2012},  
}

@inproceedings{Jin_Li,
author = {Jin, Xin and Li, Li Erran and Vanbever, Laurent and Rexford, Jennifer},
title = {SoftCell: Scalable and Flexible Cellular Core Network Architecture},
booktitle = {Proceedings of the Ninth ACM Conference on Emerging Networking Experiments and Technologies},
year = {2013}, 
}

@inproceedings{smore,
author = {Cho, Junguk and Nguyen, Binh and Banerjee, Arijit and Ricci, Robert and Van der Merwe, Jacobus and Webb, Kirk},
title = {SMORE: Software-defined Networking Mobile Offloading Architecture},
booktitle = {Proceedings of the 4th Workshop on All Things Cellular: Operations, Applications and Challenges},
year = {2014}, 
}

@article{dmme,
author={An, Xueli and Pianese, Fabio and Widjaja, Indra and G{\"u}nay Acer, Utku},
title={DMME: A distributed lte mobility management entity},
journal={Bell Labs Technical Journal},
year={2012},
volume={17},
number={2},
}

@article{scale,
author={Banerjee, Arijit and Mahindra, Rajesh and Sundaresan, Karthik and Kasera, Sneha and Van der Merwe, Kobus and Rangarajan, Sampath},
title={Scaling the LTE Control-Plane for Future Mobile Access},
year={2015}
}

@inproceedings{stateless,
author={Takano, Yusuke and Khan, Ashiq and Tamura, Motoshi and Iwashina, Shigeru and Shimizu, Takashi},
title={Virtualization-Based Scaling Methods for Stateful Cellular Network Nodes Using Elastic Core Architecture},
booktitle={Cloud Computing Technology and Science (CloudCom), 2014 IEEE 6th International Conference on},
year={2014}, 
}

@misc{github,
	author = {Aman Jain and Sunny Kumar Lohani and Mythili Vutukuru},
	title={{SDN-based LTE EPC}},
	howpublished = 
	"\url{
	https://github.com/networkedsystemsIITB/SDN_LTE_EPC}",
	year = {2016},
	note = "[Online; accessed 10-June-2016]"
}

@unpublished{nfv_epc,
	author={Sadagopan N S},
	title={Virtualized Evolved Packet Core for LTE Networks},
	school={Dept. of Computer Sc. and Engg., IIT Bombay, Mumbai, Maharashtra},
	year={2016},
	note={M.Tech. thesis}
}
